\documentclass[a4paper,11pt]{article}
\usepackage{url}

\begin{document}

@misc{APA_list_journals,
  author = {{American Psychological Association}},
  shortauthor = {{APA}},
  title = {Browse Journals by Title},
  year = {2022},
  howpublished = {\url{https://www.apa.org/pubs/journals/browse?query=Title:*\&type=journal}},
  note = {Accessed: 2022-05-04}
 }

@misc{APA_numb_stat_guide,
  author = {{American Psychological Association}},
  shortauthor = {{APA}},
  title = {APA style numbers and statistics guide},
  year = {2022},
  howpublished = {https://apastyle.apa.org/instructional-aids/numbers-statistics-guide.pdf},
  note = {Accessed: 2022-05-03}
 }

@article{Armitage,
        author = {P. Armitage and C. K. McPherson and B. C. Rowe},
        title = {Repeated Significance Tests on Accumulating Data},
        journal = {Psychological methods},
        volume = {132},
        number = {2},
        pages={235--244},
        year = {1969}}
}

@article{Bakker2011,
        author = {Marjan Bakker and Jelte M. Wicherts},
        title = {The (mis)reporting of statistical results in psychology journals},
        journal = {Behavior research methods},
        volume = {43},
        number = {3},
        pages={666--678},
        year = {2011},
	doi = {10.3758/s13428-011-0089-5},
  	url = {https://doi.org/10.3758/s13428-011-0089-5}
}

@article{Bakker2014,
        author = {Marjan Bakker and Jelte M. Wicherts},
        title = {Outlier Removal and the Relation with Reporting Errors and Quality of Psychological Research},
        journal = {Psychological methods},
        volume = {19},
        number = {3},
        pages={409--427},
        year = {2014},
	doi = {10.1037/met0000014},
  	url = {https://doi.org/10.1037/met0000014}
}

@article{Benjamin,
        author = {Daniel J. Benjamin and James O. Berger and Magnus Johannesson and Brian A. Nosek and E.J. Wagenmakers and Richard Berk and Kenneth A. Bollen and Björn Brembs and Lawrence Brown and Colin Camerer and David Cesarini and Christopher D. Chambers and Merlise Clyde and Thomas D. Cook and Paul De Boeck and Zoltan Dienes and Anna Dreber and Kenny Easwaran and Charles Efferson and Ernst Fehr and Fiona Fidler and Andy P. Field and Malcolm Forster and Edward I. George and Richard Gonzalez and Steven Goodman and Edwin Green and Donald P. Green and Anthony G. Greenwald and Jarrod D. Hadfield and Larry V. Hedges and Leonhard Held and Teck Hua Ho and Herbert Hoijtink and Daniel J. Hruschka and Kosuke Imai and Guido Imbens and John P. A. Ioannidis and Minjeong Jeon and James Holland Jones and Michael Kirchler and David Laibson and John List and Roderick Little and Arthur Lupia and Edouard Machery and Scott E. Maxwell and Michael McCarthy and Don A. Moore and Stephen L. Morgan and Marcus Munafó and Shinichi Nakagawa and Brendan Nyhan and Timothy H. Parker and Luis Pericchi and Marco Perugini and Jeff Rouder and Judith Rousseau and Victoria Savalei and Felix D. Schönbrodt and Thomas Sellke and Betsy Sinclair and Dustin Tingley and Trisha Van Zandt and Simine Vazire and Duncan J. Watts and Christopher Winship and Robert L. Wolpert and Yu Xie and Cristobal Young and Jonathan Zinman and Valen E. Johnson},
        title = {Redefine statistical significance},
        journal = {Nature Human Behaviour},
        volume = {2},
        number = {1},
        pages={6},
        year = {2017},
	    doi = {10.1038/s41562-017-0189-z},
  	    url = {https://doi.org/10.1038/s41562-017-0189-z}
}


@misc{WOS,
  author = {{Clarivate Analytics' Web of Science}},
  title = {Journal Citation Reports: Sociology, 2016},
  year = {2016},
  howpublished = {com.proxy.library.uu.nl/JCRJournalHomeAction
    },
  note = {Accessed: 2017-10-10}
 }

@article{Cohen,
        author = {Jacob Cohen},
        title = {A power primer},
        journal = {Psychological bulletin},
        volume = {112},
        number = {1},
        pages={155--159},
        year = {1992},
	doi = {10.1037/14805-018},
  	url = {https://doi-org/10.1037/14805-018}
}

@article{Coursol,
        author = {Allan Coursol and Edwin E. Wagner},
        title = {Effect of Positive Findings on Submission and Acceptance Rates},
        journal = {Professional Psychology: Research and Practice},
        volume = {17},
        number = {2},
        pages={136--137},
        year = {1986},
	doi = {10.1037/0735-7028.17.2.136},
  	url = {https://doi-org/10.1037/0735-7028.17.2.136}
}

@article{Dickersin,
        author = {Kay Dickersin},
        title = {The existence of publication bias and risk factors for its occurrence},
        journal = {Jama},
        volume = {263},
        number = {10},
        pages={1385--1389},
        year = {1990},
	doi = {10.1001/jama.1990.03440100097014},
  	url = {https://doi-org/10.1001/jama.1990.03440100097014}
}

@article{Easterbrook,
        author = {Philippa J. Easterbrook and Ramana Gopalan and Jesse A. Berlin and Daryl R. Matthews},
        title = {Publication bias in clinical research},
        journal = {The Lancet},
        volume = {337},
        number = {8746},
        pages={867--872},
        year = {1991},
	doi = {10.1016/0140-6736(91)90201-Y},
	url = {https://doi.org/10.1016/0140-6736(91)90201-Y}
}

@manual{statcheck122,
    author = {Sacha Epskamp and Michele B. Nuijten},
    title = {statcheck: Extract Statistics from Articles and Recompute p Values},
    year = {2016},
    note = {R package version 1.2.2},
    howpublished = {\url{https://cran.r-project.org/src/contrib/Archive/statcheck/}}
}

@article{Fanelli2010,
        author = {Daniele Fanelli},
        title = {“Positive” Results Increase Down the Hierarchy of the Sciences},
        journal = {PloS one},
        volume = {5},
        number = {4},
        pages={1--10},
        year = {2010},
	doi = {10.1371/journal.pone.0010068},
	url = {https://doi.org/10.1371/journal.pone.0010068}
}

@article{Fanelli2011,
        author = {Daniele Fanelli},
        title = {Negative results are disappearing from most disciplines and countries},
        journal = {Scientometrics},
        volume = {90},
        number = {3},
        pages={891--904},
        year = {2011},
	doi = {10.1007/s11192-011-0494-7},
	url = {https://doi.org/10.1007/s11192-011-0494-7}
}

@article{Franco2014,
        author = {Annie Franco and Neil Malhotra and Gabor Simonovits},
        title = {Publication bias in the social sciences: Unlocking the file drawer},
        journal = {Science},
        volume = {6203},
        number = {345},
        pages={1502--1505},
        year = {2014},
	doi = {10.1126/science.1255484},
	url = {https://doi.org/10.1126/science.1255484}
}

@article{Franco2016,
        author = {Annie Franco and Neil Malhotra and Gabor Simonovits},
        title = {Underreporting in psychology experiments: Evidence from a study registry},
        journal = {Social Psychological and Personality Science},
        volume = {7},
        number = {1},
        pages={8--12},
        year = {2016},
	doi = {10.1177/1948550615598377},
	url = {https://doi.org/10.1177/1948550615598377}
}

@booklet{Gerber2006,
        author = {Alan S. Gerber and Neil Malhotra},
        title = {Can political science literatures be believed? A study of publication bias in the {APSR} and the {AJPS}},
       howpublished= {Paper presented at the annual meeting of the Midwest Political Science Association},
       year = {2006}
}

@article{Gerber2008,
        author = {Alan S. Gerber and Neil Malhotra},
        title = {Publication bias in empirical sociological research: Do arbitrary significance levels distort published results?},
        journal = {Sociological Methods and Research},
        volume = {37},
        number = {1},
        pages={3--30},
        year = {2008},
	doi = {10.1177/0049124108318973},
	url = {https://doi.org/10.1177/0049124108318973}
}

@article{Ginsel,
        author = {Bastiaan Ginsel and Abhinav Aggarwal and Wei Xuan and Ian Harris},
        title = {The distribution of probability values in medical abstracts: an observational study},
        journal = {BMC Research Notes},
        volume = {8},
        number = {1},
        pages={1--5},
        year = {2015},
	doi = {10.1186/s13104-015-1691-x},
	url = {https://doi.org/10.1186/s13104-015-1691-x}
}

@article{Hartgerink2016,
        author = {Chris. H. J. Hartgerink and Robbie C. M. {Van Aert} and Michèle. B. Nuijten and Jelte M. Wicherts and Marcel A. L. M. {Van Assen}},
        title = {Distributions of p-values smaller than. 05 in psychology: what is going on?},
        journal = {PeerJ},
        number = {4},
        pages={1--28},
        year = {2016},
	doi = {10.7717/peerj.1935},
	url = {https://doi.org/10.7717/peerj.1935}
}

@article{Hartgerink2017,
        author = {Chris. H. J. Hartgerink},
        title = {Reanalyzing {Head} et al. (2015): Investigating the robustness of widespread p-hacking},
        journal = {PeerJ},
        number = {5},
        pages={1--10},
        year = {2017},
	doi = {10.7717/peerj.3068},
	url = {https://doi.org/10.7717/peerj.3068}
}

@article{Head2015,
        author = {Megan L. Head and Luke Holman and Rob Lanfear and Andrew T. Khan and Michael D. Jennions},
        title = {The Extent and Consequences of P-Hacking in Science},
        journal = {PLoS biology},
        volume = {13},
        number = {3},
        pages={1--15},
        year = {2015},
	doi = {10.1371/journal.pbio.1002106},
	url = {https://doi.org/10.1371/journal.pbio.1002106}
}

@article{John,
        author = {Leslie K. John and George Loewenstein and Drazen Prelec},
        title = {Measuring the prevalence of questionable research practices with incentives for truth telling},
        journal = {Psychological science},
        volume = {23},
        number = {5},
        pages={524--532},
        year = {2012},
	doi = {10.1177/0956797611430953},
	url = {https://doi.org/10.1177/0956797611430953}
}

@article{King,
        author = {Gary King and Langche Zeng},
        title = {Logistic regression in rare events data},
        journal = {Political analysis},
        volume = {9},
        number = {2},
        pages={137--163},
        year = {2001},
	doi = {10.1093/oxfordjournals.pan.a004868},
	url = {https://doi.org/10.1093/oxfordjournals.pan.a004868}
}  

@article{Knight,
        author = {Jonathan Knight},
        title = {Negative results: Null and void},
        journal = {Nature},
        volume = {422},
        number = {6932},
        pages={554--555},
        year = {2003},
	doi = {10.1038/422554a},
	url = {https://doi.org/10.1038/422554a}
}  

@article{Krawczyk,
        author = {Michał Krawczyk},
        title = {The Search for Significance: A Few Peculiarities in the Distribution of P Values in Experimental Psychology Literature},
        journal = {PloS one},
        volume = {10},
        number = {6},
        pages={1--19},
        year = {2015},
	doi = {10.1371/journal.pone.0127872},
	url = {https://doi.org/10.1371/journal.pone.0127872}
}
 
@article{Kuhberger,
        author = {Anton Kühberger and Astrid Fritz and Thomas Scherndl},
        title = {Publication Bias in Psychology: A Diagnosis Based on the Correlation between Effect Size and Sample Size},
        journal = {PloS one},
        volume = {9},
        number = {9},
        pages={1--8},
        year = {2014},
	doi = {10.1371/journal.pone.0105825},
	url = {https://doi.org/10.1371/journal.pone.0105825}
}
  
@article{Lakens2015a,
	author = {Daniël Lakens},
	title = {On the challenges of drawing conclusions from p-values just below 0.05},
	journal = {PeerJ},
	number = {3},
	pages={1--14},
	year = {2015},
	doi = {10.7717/peerj.1142},
	url = {https://doi.org/10.7717/peerj.1142}
}

@article{Lakens2015b,
	author = {Daniël Lakens},
	title = {What p-hacking really looks like: A comment on {Masicampo} and {LaLande} (2012)},
	journal = {The Quarterly Journal of Experimental Psychology},
	volume = {68},
	number = {4},
	pages={829--832},
	year = {2015},
	doi = {10.1080/17470218.2014.982664},
	url = {https://doi.org/10.1080/17470218.2014.982664}
}

@incollection{Lang,
        author = {Thomas A. Lang and Douglas G. Altman},
        booktitle = {Science Editors' Handbook},
	editor = {P. Smart and H. Maisonneuve and A. Polderman},
	title = {Basic statistical reporting for articles published in clinical medical journals: the {SAMPL Guidelines}.},
        publisher = {European Association of Science Editors},
 	address = {Split, Croatia},
        number = {1},
        pages={24--30},
        year = {2013}
}

@article{Lawrence,
        author = {Peter A. Lawrence},
        title = {The politics of publication - Authors, reviewers and editors must act to protect the quality of research},
        journal = {Nature},
        volume = {422},
        number = {6929},
        pages={259--261},
        year = {2003},
	doi = {10.1038/422259a},
	url = {https://doi.org/10.1038/422259a}
}

@article{Leahey,
        author = {Erin Leahey},
        title = {Alphas and asterisks: the development of statistical significance testing standards in sociology},
        journal = {Social Forces},
        volume = {84},
        number = {1},
        pages={1--24},
        year = {2005},
	doi = {10.1353/sof.2005.0108},
	url = {https://doi.org/10.1353/sof.2005.0108}
}

@article{Leggett,
        author = {Nathan C. Leggett and Nicole A. Thomas and Tobias Loetscher and Michael E. R. Nicholls},
        title = {The life of p: “just significant” results are on the rise},
        journal = {The Quarterly Journal of Experimental Psychology},
        volume = {66},
        number = {12},
        pages={2303--2309},
        year = {2013},
	doi = {10.1080/17470218.2013.863371},
	url = {https://doi.org/10.1080/17470218.2013.863371}
}

@article{Masicampo,
        author = {E. J. Masicampo and Daniel R. Lalande},
        title = {A peculiar prevalence of p values just below. 05},
        journal = {The Quarterly Journal of Experimental Psychology},
        volume = {65},
        number = {11},
        pages={2271--2279},
        year = {2012},
	doi = {10.1080/17470218.2012.711335},
	url = {https://doi.org/10.1080/17470218.2012.711335}
}

@article{Maxwell,
        author = {C. Maxwell},
        title = {Clinical trials, reviews, and the Journal of Negative Results},
        journal = {British journal of clinical pharmacology},
        volume = {11},
        number = {1},
        pages={15--18},
        year = {1981}
}

@article{Nuijten2017,
        author = {Michèle. B. Nuijten and Jeroen Borghuis and Coosje L. S. Veldkamp and Linda {Dominguez Alvarez} and Marcel A. L. M. {Van Assen} and Jelte M. Wicherts},
        title = {Journal data sharing policies and statistical reporting inconsistencies in psychology},
        journal = {Collabra: Psychology},
        volume = {3},
        number = {1},
        pages={1--22},
        year = {2017}
}

@article{Nuijten2016,
        author = {Michèle. B. Nuijten and Chris H. J. Hartgerink and Marcel A. L. M. {Van Assen} and Sacha Epskamp and Jelte M. Wicherts},
        title = {The prevalence of statistical reporting errors in psychology (1985–2013)},
        journal = {Behavior research methods},
        volume = {48},
        number = {4},
        pages={1205--1226},
        year = {2016}
}

@article{OhlssonCollentine,
        author = {Anton {Ohlsson Collentine} and Marcel A. L. M. {Van Assen} and Chris H. J. Hartgerink},
        title = {The prevalence of marginally significant results in psychology over time},
        journal = {Psychological science},
        volume = {30},
        number = {4},
        pages={576--586},
        year = {2019}
}

@article{Pick,
        author = {Joel L. Pick and Shinichi Nakagawa and Daniel W. A. Noble},
        title = {Reproducible, flexible and high throughput data extraction from primary literature: The metaDigitise package},
        journal = {Methods in ecology and evolution},
        volume = {10},
        number = {3},
        pages={426--431},
        year = {2018}
}

@article{Pritschet,
        author = {Laura Pritschet and Derek Powell and Zachart Horne},
        title = {Marginally significant effects as evidence for hypotheses: Changing attitudes over four decades},
        journal = {Psychological science},
        volume = {27},
        number = {7},
        pages={1036--1042},
        year = {2016}
}

@article{Puhr,
        author = {Rainer Puhr and Georg Heinze and Mariana Nold and Lara Lusa and Angelika Geroldinger},
        title = {Firth's logistic regression with rare events: accurate effect estimates and predictions?},
        journal = {Statistics in medicine},
        volume = {36},
        number = {14},
        pages={2302-2317},
        year = {2017}
}

@article{Roldan,
        author = {Juan C. Roldán and Patricia Jiménez and Rafael Corchuelo},
        title = {On extracting data from tables that are encoded using HTML},
        journal = {Knowledge-Based Systems},
        volume = {190},
        pages={105157},
        year = {2020}
}

@Manual{Rstats,
    title = {R: A Language and Environment for Statistical Computing},
    author = {{R Core Team}},
    organization = {R Foundation for Statistical Computing},
    address = {Vienna, Austria},
    year = {2013},
    note = {{ISBN} 3-900051-07-0},
    howpublished = {\url{http://www.R-project.org/}},
  }

@article{Sedlmeier,
        author = {Peter Sedlmeier and Gerd Gigerenzer},
        title = {A power primer},
        journal = {Psychological bulletin},
        volume = {105},
        number = {2},
        pages={309--316},
        year = {1989}
}

@article{Simera,
        author = {Iveta Simera and David Moher and Allison Hirst and John Hoey and Kenneth F. Schulz and Douglas G. Altman},
        title = {Transparent and accurate reporting increases reliability, utility, and impact of your research: reporting guidelines and the {EQUATOR Network}.},
        journal = {BMC medicine},
        volume = {22},
        number = {11},
        pages={1359--1366},
        year = {2011}
}

@article{Simmons,
        author = {Joseph P. Simmons and Leif D. Nelson and  Uri Simonsohn},
        title = {False-positive psychology: Undisclosed flexibility in data collection and analysis allows presenting anything as significant},
        journal = {Psychological science},
        volume = {143},
        number = {2},
        pages={534--547},
        year = {2014}
}

@article{Simonsohn,
        author = {Uri Simonsohn and Leif D. Nelson and Joseph P. Simmons},
        title = {P-curve: a key to the file drawer},
        journal = {Journal of experimental psychology: General},
        volume = {143},
        number = {2},
        pages={534--547},
        year = {2014}
}

@article{Sinkovec,
        author = {Hana Šinkovec and Angelika Geroldinger and Georg Heinze},
        title = {Bring More Data!—A Good Advice? Removing Separation in Logistic Regression by Increasing Sample Size},
        journal = {International journal of environmental research and public health},
        volume = {16},
        number = {23},
        pages={1--12},
        year = {2019},
	note={\mbox{doi}:\url{doi:10.3310/hta14080}}
}

@article{Song,
        author = {Fujian Song and S. Parekh and L. Hooper and Y. K. Ryder and A. J. Sutton and C. Hing and C. S. Kwok and C. Pang and I. Harvey},
        title = {Dissemination and publication of research findings: an updated review of related biases},
        journal = {Health Technology Assessment},
        volume = {14},
        number = {8},
        pages={1--236},
        year = {2010},
	note={\mbox{doi}:\url{doi:10.3310/hta14080}}
}

@article{Veldkamp,
        author = {Coosje. L. Veldkamp and Michèle B. Nuijten and Linda {Dominguez-Alvarez} and Marcel A. L. M. {Van Assen} and Jelte M. Wicherts},
        title = {Statistical reporting errors and collaboration on statistical analyses in psychological science},
        journal = {PloS one},
        volume = {9},
        number = {12},
        pages={1--19},
        year = {2014}
}

@article{Ulrich,
        author = {Rolf Ulrich and Jeff Miller},
        title = {p-hacking by post hoc selection with multiple opportunities: Detectability by skewness test?: Comment on {Simonsohn}, {Nelson}, and {Simmons} (2014)},
        journal = {Journal of Experimental Psychology: General},
        volume = {144},
        number = {6},
        pages={1137--1145},
        year = {2015}
}

@article{Vermeulen,
        author = {Ivar Vermeulen and Camiel J. Beukeboom and Anika Batenburg and Arthur Avramiea and Dimo Stoyanov and Bob {Van de Velde} and Dirk Oegema},
        title = {Blinded by the Light: How a Focus on Statistical “Significance” May Cause p-Value Misreporting and an Excess of p-Values Just Below .05 in Communication Science},
        journal = {Communication Methods and Measures},
        volume = {9},
        number = {4},
        pages={253--279},
        year = {2015}
}

@article{Wicherts,
        author = {Jelte M. Wicherts and Marjan Bakker and Dylan Molenaar},
        title = {Willingness to share research data is related to the strength of the evidence and the quality of reporting of statistical results.},
        journal = {PloS one},
        volume = {6},
        number = {11},
        pages={1--7},
        year = {2011},
	note={\mbox{doi}:\url{10.1371/journal.pone.0026828}}
}

@article{DeWinter,
        author = {Joost C. F. {De Winter} and Dimitra Dodou},
        title = {A surge of p-values between 0.041 and 0.049 in recent decades (but negative results are increasing rapidly too)},
        journal = {PeerJ},
        number = {3},
        pages={1--44},
        year = {2015},
	note={\mbox{doi}:\url{doi:0.7717/peerj.73}}
}

}

\end{document}