\documentclass[a4paper,11pt]{article}

\begin{document}

@article{Benjamin,
        author = {Daniel J. Benjamin and James O. Berger and Magnus Johannesson and Brian A. Nosek and E.J. Wagenmakers and Richard Berk and Kenneth A. Bollen and Björn Brembs and Lawrence Brown and Colin Camerer and David Cesarini and Christopher D. Chambers and Merlise Clyde and Thomas D. Cook and Paul De Boeck and Zoltan Dienes and Anna Dreber and Kenny Easwaran and Charles Efferson and Ernst Fehr and Fiona Fidler and Andy P. Field and Malcolm Forster and Edward I. George and Richard Gonzalez and Steven Goodman and Edwin Green and Donald P. Green and Anthony G. Greenwald and Jarrod D. Hadfield and Larry V. Hedges and Leonhard Held and Teck Hua Ho and Herbert Hoijtink and Daniel J. Hruschka and Kosuke Imai and Guido Imbens and John P. A. Ioannidis and Minjeong Jeon and James Holland Jones and Michael Kirchler and David Laibson and John List and Roderick Little and Arthur Lupia and Edouard Machery and Scott E. Maxwell and Michael McCarthy and Don A. Moore and Stephen L. Morgan and Marcus Munafó and Shinichi Nakagawa and Brendan Nyhan and Timothy H. Parker and Luis Pericchi and Marco Perugini and Jeff Rouder and Judith Rousseau and Victoria Savalei and Felix D. Schönbrodt and Thomas Sellke and Betsy Sinclair and Dustin Tingley and Trisha Van Zandt and Simine Vazire and Duncan J. Watts and Christopher Winship and Robert L. Wolpert and Yu Xie and Cristobal Young and Jonathan Zinman and Valen E. Johnson},
        title = {Redefine statistical significance},
        journal = {Nature Human Behaviour},
        volume = {2},
        number = {1},
        pages={6},
        year = {2017}
}


@misc{WOS,
  author = {{Clarivate Analytics' Web of Science}},
  title = {Journal Citation Reports: Sociology, 2016},
  year = {2016},
  howpublished = {com.proxy.library.uu.nl/JCRJournalHomeAction
    },
  note = {Accessed: 2017-10-10}
 }

@article{Cohen,
        author = {Jacob Cohen},
        title = {A power primer},
        journal = {Psychological bulletin},
        volume = {112},
        number = {1},
        pages={155--159},
        year = {1992}
}

@article{Dickersin,
        author = {Kay Dickersin},
        title = {The existence of publication bias and risk factors for its occurrence},
        journal = {Jama},
        volume = {263},
        number = {10},
        pages={1385--1389},
        year = {1990}
}

@article{Easterbrook,
        author = {Philippa J. Easterbrook and Ramana Gopalan and Jesse A. Berlin and Daryl R. Matthews},
        title = {Publication bias in clinical research},
        journal = {The Lancet},
        volume = {337},
        number = {8746},
        pages={867--872},
        year = {1991}
}

@manual{statcheck122,
    author = {Sacha Epskamp and Michele B. Nuijten},
    title = {statcheck: Extract Statistics from Articles and Recompute p Values},
    year = {2016},
    note = {R package version 1.2.2},
    url = {https://cran.r-project.org/src/contrib/Archive/statcheck/}
}

@article{Fanelli,
        author = {Daniele Fanelli},
        title = {Negative results are disappearing from most disciplines and countries},
        journal = {Scientometrics},
        volume = {90},
        number = {3},
        pages={891--904},
        year = {2011}
}

@article{Franco2014,
        author = {Annie Franco and Neil Malhotra and Gabor Simonovits},
        title = {Publication bias in the social sciences: Unlocking the file drawer},
        journal = {Science},
        volume = {6203},
        number = {345},
        pages={1502--1505},
        year = {2014}
}

@article{Franco2016,
        author = {Annie Franco and Neil Malhotra and Gabor Simonovits},
        title = {Underreporting in psychology experiments: Evidence from a study registry},
        journal = {Social Psychological and Personality Science},
        volume = {7},
        number = {1},
        pages={8--12},
        year = {2016}
}


@article{Hartgerink2016,
        author = {Chris. H. J. Hartgerink and Robbie C. M. {Van Aert} and Michèle. B. Nuijten and Jelte M. Wicherts and Marcel A. L. M. Van Assen},
        title = {Distributions of p-values smaller than. 05 in psychology: what is going on?},
        journal = {PeerJ},
        number = {4},
        pages={1--28},
        year = {2016},
	note={\mbox{doi}:\url{doi:10.7717/peerj.1935}}
}

@booklet{Gerber2006,
        author = {Alan S. Gerber and Neil Malhotra},
        title = {Can political science literatures be believed? A study of publication bias in the APSR and the AJPS},
       howpublished= {Paper presented at the annual meeting of the Midwest Political Science Association},
        year = {2006}
}

@article{Gerber2008,
        author = {Alan S. Gerber and Neil Malhotra},
        title = {Publication bias in empirical sociological research: Do arbitrary significance levels distort published results?},
        journal = {Sociological Methods and Research},
        volume = {37},
        number = {1},
        pages={3--30},
        year = {2008}
}

@article{John,
        author = {Leslie K. John and George Loewenstein and Drazen Prelec},
        title = {Measuring the prevalence of questionable research practices with incentives for truth telling},
        journal = {Psychological science},
        volume = {23},
        number = {5},
        pages={524--532},
        year = {2012}
}
 
@article{Lakens2015a,
	author = {Daniël Lakens},
	title = {On the challenges of drawing conclusions from p-values just below 0.05},
	journal = {PeerJ},
	number = {3},
	pages={1--14},
	year = {2015}
}

@article{Lakens2015b,
	author = {Daniël Lakens},
	title = {What p-hacking really looks like: A comment on Masicampo 
		and LaLande (2012)},
	journal = {The Quarterly Journal of Experimental Psychology},
	volume = {68},
	number = {4},
	pages={829--832},
	year = {2015}
}

@incollection{Lang,
        author = {Thomas A. Lang and Douglas G. Altman},
        booktitle = {Science Editors' Handbook},
	editor = {P. Smart and H. Maisonneuve and A. Polderman},
	title = {Basic statistical reporting for articles published in clinical medical journals: the SAMPL Guidelines.},
        publisher = {European Association of Science Editors},
 	address = {Split, Croatia},
        number = {1},
        pages={24--30},
        year = {2013}
}

@article{Leahey,
        author = {Erin Leahey},
        title = {Alphas and asterisks: the development of statistical significance testing standards in sociology},
        journal = {Social Forces},
        volume = {84},
        number = {1},
        pages={1--24},
        year = {2005}
}

@article{Leggett,
        author = {Nathan C. Leggett and Nicole A. Thomas and Tobias Loetscher and Michael E. R. Nicholls},
        title = {The life of p: “just significant” results are on the rise},
        journal = {The Quarterly Journal of Experimental Psychology},
        volume = {66},
        number = {12},
        pages={2303--2309},
        year = {2013}
}

@article{Masicampo,
        author = {E. J. Masicampo and Daniel R. Lalande},
        title = {A peculiar prevalence of p values just below. 05},
        journal = {The Quarterly Journal of Experimental Psychology},
        volume = {65},
        number = {11},
        pages={2271--2279},
        year = {2012}
}

@article{Nuijten2017,
        author = {Michèle. B. Nuijten and Jeroen Borghuis and Coosje L. S. Veldkamp and Linda {Dominguez Alvarez} and Marcel A. L. M. {Van Assen} and Jelte M. Wicherts},
        title = {Journal data sharing policies and statistical reporting inconsistencies in psychology},
        journal = {Collabra: Psychology},
        volume = {3},
        number = {1},
        pages={1--22},
        year = {2017}
}

@article{Nuijten2016,
        author = {Michèle. B. Nuijten and Chris H. J. Hartgerink and Marcel A. L. M. {Van Assen} and Sacha Epskamp and Jelte M. Wicherts},
        title = {The prevalence of statistical reporting errors in psychology (1985–2013)},
        journal = {Behavior research methods},
        volume = {48},
        number = {4},
        pages={1205--1226},
        year = {2016}
}

@article{OhlssonCollentine,
        author = {Anton {Ohlsson Collentine} and Marcel A. L. M. {Van Assen} and Chris H. J. Hartgerink},
        title = {The prevalence of marginally significant results in psychology over time},
        journal = {Psychological science},
        volume = {30},
        number = {4},
        pages={576--586},
        year = {2019}
}

@article{Pritschet,
        author = {Laura Pritschet and Derek Powell and Zachart Horne},
        title = {Marginally significant effects as evidence for hypotheses: Changing attitudes over four decades},
        journal = {Psychological science},
        volume = {27},
        number = {7},
        pages={1036--1042},
        year = {2016}
}

@article{Sedlmeier,
        author = {Peter Sedlmeier and Gerd Gigerenzer},
        title = {A power primer},
        journal = {Psychological bulletin},
        volume = {105},
        number = {2},
        pages={309--316},
        year = {1989}
}

@article{Simera,
        author = {Iveta Simera and David Moher and Allison Hirst and John Hoey and Kenneth F. Schulz and Douglas G. Altman},
        title = {Transparent and accurate reporting increases reliability, utility, and impact of your research: reporting guidelines and the EQUATOR Network.},
        journal = {BMC medicine},
        volume = {8},
        number = {1},
        pages={24--30},
        year = {2010}
}

@article{Simmons,
        author = {Joseph P. Simmons and Leif D. Nelson and Uri Simonsohn},
        title = {False-positive psychology: Undisclosed flexibility in data collection and analysis allows presenting anything as significant},
        journal = {Psychological science},
        volume = {22},
        number = {11},
        pages={1359--1366},
        year = {2011}
}

@article{Veldkamp,
        author = {Coosje. L. Veldkamp and Michèle B. Nuijten and Linda {Dominguez-Alvarez} and Marcel A. L. M. {Van Assen} and Jelte M. Wicherts},
        title = {Statistical reporting errors and collaboration on statistical analyses in psychological science},
        journal = {PloS one},
        volume = {9},
        number = {12},
        pages={1--19},
        year = {2014}
}

@article{Wicherts,
        author = {Jelte M. Wicherts and Marjan Bakker and Dylan Molenaar},
        title = {Willingness to share research data is related to the strength of the evidence and the quality of reporting of statistical results.},
        journal = {PloS one},
        volume = {6},
        number = {11},
        pages={1--7},
        year = {2011},
	note={\mbox{doi}:\url{10.1371/journal.pone.0026828}}
}

@article{DeWinter,
        author = {Joost C. F. {De Winter} and Dimitra Dodou},
        title = {A surge of p-values between 0.041 and 0.049 in recent decades (but negative results are increasing rapidly too)},
        journal = {PeerJ},
        number = {3},
        pages={1--44},
        year = {2015},
	note={\mbox{doi}:\url{doi:0.7717/peerj.73}}
}

}

\end{document}